@misc{instituto_de_pesquisa_economica_aplicada_atlas_2020,
	title = {Atlas do {Desenvolvimento} {Humano}},
	url = {http://www.atlasbrasil.org.br/acervo/biblioteca},
	language = {pt-br},
	urldate = {2020-01-10},
	publisher = {Instituto de Pesquisa Econômica Aplicada},
	author = {{Instituto de Pesquisa Econômica Aplicada}},
	year = {2020},
}
